@article{Ciddor1996,
  author = {Ciddor, Philip E.},
  title = {Refractive index of air: new equations for the visible and near infrared},
  journal = {Applied Optics},
  volume = {35},
  number = {9},
  pages = {1566--1573},
  year = {1996}
}
@article{Edlen1966,
  author = {Edl{\'e}n, Bengt},
  title = {The Refractive Index of Air},
  journal = {Metrologia},
  volume = {2},
  pages = {71--80},
  year = {1966}
}
@article{Bennett1982,
  author = {Bennett, G. G.},
  title = {The Calculation of Astronomical Refraction in Marine Navigation},
  journal = {Journal of Navigation},
  volume = {35},
  number = {2},
  pages = {255--259},
  year = {1982}
}
@misc{YoungJOSA,
  author = {Young, Andrew T.},
  title = {Sunset science. III. Visual adaptation and green flashes},
  howpublished = {\url{https://aty.sdsu.edu/papers/JOSA/GF-vis.html}},
  note = {Accessed 2025-09-03}
}
@misc{YoungSim,
  author = {Young, Andrew T.},
  title = {How the realistic green-flash simulations were made},
  howpublished = {\url{https://aty.sdsu.edu/explain/simulations/realistic.html}},
  note = {Accessed 2025-09-03}
}